<?xml version="1.0" encoding="UTF-8"?><collection xmlns="http://www.loc.gov/MARC21/slim"><record><leader>00478nam--2200181-i-4500</leader><controlfield tag="001">000029841</controlfield><controlfield tag="002">20161230</controlfield><controlfield tag="005">20170119142140</controlfield><controlfield tag="008">060222s1000------------r-----000-0-rum-d</controlfield><datafield ind1=" " ind2=" " tag="040"><subfield code="a">IFIN-HH</subfield></datafield><datafield ind1=" " ind2=" " tag="041"><subfield code="a">rum</subfield></datafield><datafield ind1=" " ind2=" " tag="080"><subfield code="a">54(021)</subfield></datafield><datafield ind1="1" ind2=" " tag="100"><subfield code="a">Lakner,  Carol</subfield></datafield><datafield ind1="1" ind2="0" tag="245"><subfield code="a">Manualul chimistului</subfield><subfield code="b">vol. 1 (reimprimare)</subfield><subfield code="c">Carol Lakner (coord.)</subfield></datafield><datafield ind1=" " ind2=" " tag="260"><subfield code="a">Bucuresti</subfield><subfield code="b">Editura Tehnica (Agir)</subfield><subfield code="c">1949</subfield></datafield><datafield ind1=" " ind2=" " tag="300"><subfield code="a">1281p</subfield></datafield><datafield ind1=" " ind2=" " tag="852"><subfield code="a">4012</subfield><subfield code="c">541.12.03</subfield></datafield><datafield ind1=" " ind2=" " tag="CAT"><subfield code="a">SYS</subfield><subfield code="c">20170119</subfield><subfield code="h">142140</subfield></datafield></record></collection>